
@article{kane_quantum_2005,
	title = {Quantum Spin Hall Effect in Graphene},
	volume = {95},
	url = {http://link.aps.org/doi/10.1103/PhysRevLett.95.226801},
	doi = {10.1103/PhysRevLett.95.226801},
	abstract = {We study the effects of spin orbit interactions on the low energy electronic structure of a single plane of graphene. We find that in an experimentally accessible low temperature regime the symmetry allowed spin orbit potential converts graphene from an ideal two-dimensional semimetallic state to a quantum spin Hall insulator. This novel electronic state of matter is gapped in the bulk and supports the transport of spin and charge in gapless edge states that propagate at the sample boundaries. The edge states are nonchiral, but they are insensitive to disorder because their directionality is correlated with spin. The spin and charge conductances in these edge states are calculated and the effects of temperature, chemical potential, Rashba coupling, disorder, and symmetry breaking fields are discussed.},
	number = {22},
	urldate = {2013-05-20},
	journal = {Physical Review Letters},
	author = {Kane, C. L. and Mele, E. J.},
	month = nov,
	year = {2005},
	pages = {226801},
	file = {APS Snapshot:C:\Users\mlababid\AppData\Roaming\Zotero\Zotero\Profiles\up4nsf84.default\zotero\storage\97H3BZBQ\e226801.html:text/html}
}