
@Book{michael,
    author = "Michael Jackson",
    title = "My Kingdom For A Lollypop",
    publisher = "Neverland \& Everland Publishing",
    year = 2004
}


\bibliographystyle{apsrev}
\begin{thebibliography}{29}

\bibitem{f-k} 
L. Fu and C. L. Kane, Phys. Rev. Lett. 100, 096407 (2008)

\bibitem{r-g}
 N. Read and D. Green, Phys. Rev. B 61, 10267ï¿½10297 (2000)

\bibitem{qi-zhang}
X.-L. Qi and S.-C. Zhang, arXiv:1008.2026

\bibitem{rmp}
 M. Z. Hasan and C. L. Kane, Rev. Mod. Phys. 82, 3045 (2010)

\bibitem{roman} 
R. M. Lutchyn, J. D. Sau, and S. Das Sarma, Phys. Rev. Lett. 105, 077001 (2010)

\bibitem{maryland}
 J. D. Sau et al, Phys. Rev. B 82, 214509 (2010)

\bibitem{jason} 
J. Alicea, Phys. Rev. B 81, 125318 (2010)

\bibitem{mao1} 
L. Mao, and C. Zhang, Phys. Rev. B 82, 174506 (2010)

\bibitem{mao2}
 L. Mao, J. Shi, Q. Niu, and C. Zhang, arXiv:1010.0932 (2010)

\bibitem{yu} 
Y. Tanaka, T. Yokoyama, and N. Nagaosa, Phys. Rev. Lett. 103, 107002 (2009)

\bibitem{jacF} 
J. Linder, Y. Tanaka, T. Yokoyama, A. Sudbo, and N. Nagaosa, Phys. Rev. B 81, 184525 (2010)

\bibitem{jacU}
 J. Linder, Y. Tanaka, T. Yokoyama, A. Sudbo, and N. Nagaosa, Phys. Rev. Lett. 104, 067001 (2010)

\bibitem{stan}
T. D. Stanescu, J. D. Sau, R. M. Lutchyn, and S. Das Sarma, Phys. Rev. B 81, 241310 (2010)

\bibitem{ann} 
A. M. Black-Schaffer, arXiv:1010.4625 (2010)

\bibitem{cu1} 
Y. S. Hor et al, Phys. Rev. Lett. 104, 057001 (2010)

\bibitem{cu2} 
L. A. Wray et al, Nature Physics 6, 855 (2010)

\bibitem{zhang} 
H. Zhang et al, Nature Physics 5, 438 (2009)

\bibitem{band}
 W. Zhang, R. Yu, H.-J. Zhang, X. Dai, and Z. Fang, New J. Phys. 12, 065013 (2010)

\bibitem{gate}
J. G. Checkelsky, Y. S. Hor, R. J. Cava, and N. P. Ong, arXiv:1003.3883

\bibitem{h-v}
K. Halterman and O. T. Valls, Phys. Rev. B 65,  014509 (2001)

\bibitem{s-v}
B. P. Stojkovic and O. T. Valls, Phys. Rev. B 47, 5922 (1993)

\bibitem{zhao}
E. Zhao, C. Zhang, and M. Lababidi, Phys. Rev. B 82, 205331 (2010) 

\bibitem{toku}
T. Tokuyasu, J. A. Sauls, and D. Rainer, Phys. Rev. B 38, 8823 (1988)

\bibitem{esch}
M. Eschrig, T. L\"ofwander, T. Champel, J. C. Cuevas, J. Kopu, and G. Sch\"on,J. Low Temp. Phys. 147, 457 (2007)

\bibitem{tanaka}
A. A. Golubov, Y. Tanaka, Y Asano and Y Tanuma, J. Phys.: Condens. Matter 21, 164208 (2009)

\bibitem{trip}
F. S. Bergeret, A. F. Volkov, and K. B. Efetov, Rev. Mod. Phys. 1321 (2005)


\end{thebibliography}
